@article{nourdin,
  title={Normal Approximation with Malliavin Calculus},
  author={Nourdin, Ivan and Peccati, Giovanni},
  journal={AMC},
  volume={10},
  pages={12},
  year={2012}
}

@article{esseen1956,
  title={A moment inequality with an application to the central limit theorem},
  author={Esseen, Carl Gustav},
  journal={Scandinavian Actuarial Journal},
  volume={1956},
  number={2},
  pages={160--170},
  year={1956},
  publisher={Taylor \& Francis}
}

@article{shevtsova2011,
  title={On the absolute constants in the Berry-Esseen type inequalities for identically distributed summands},
  author={Shevtsova, Irina},
  journal={arXiv preprint arXiv:1111.6554},
  year={2011}
}

@book{hald1,
  title={A history of probability and statistics and their applications before 1750},
  author={Hald, Anders},
  volume={501},
  year={1990},
  isbn={0-471-50230-8},
  publisher={John Wiley \& Sons}
}

@book{hald2,
  title={A History of Mathematical Statistics from 1750 to 1930},
  author={Hald, Anders},
  volume={314},
  year={1998},
  publisher={Wiley-Interscience}
}

@book{bernoulli,
  title={The art of conjecturing, together with Letter to a friend on sets in court tennis},
  author={Bernoulli, Jacob},
  year={2006},
  isbn={0-8018-8235-4},
  note={Translated with an introduction and notes by Edith Dudley Sylla},
  publisher={JHU Press}
}

@book{henze,
  title={Stochastik f{\"u}r Einsteiger: eine Einf{\"u}hrung in die faszinierende Welt des Zufalls},
  author={Henze, Norbert},
  year={2008},
  edition={7},
  isbn={978-3-8348-0423-5},
  publisher={Springer-Verlag}
}

@book{irle,
  title={Wahrscheinlichkeitstheorie und Statistik},
  author={Irle, Albrecht},
  year={2010},
  edition={2},
  isbn={978-3-519-12395-8},
  publisher={Vieweg+Teubner Verlag}
}

@book{koenigsberger,
  title={Analysis 1},
  author={K{\"o}nigsberger, Konrad},
  year={2004},
  edition={6},
  isbn={3-540-40371-X},
  publisher={Berlin, Heidelberg, New York: Springer}
}

@book{heuser,
  title={Lehrbuch der Analysis Teil 1},
  author={Heuser, Harro},
  publisher={Vieweg+ Teubner Verlag},
  edition={17},
  year={2009},
  isbn={978-3-8348-0777-9}
}

@book{aigner,
  title={Discrete mathematics},
  author={Aigner, Martin},
  publisher={American Mathematical Society},
  year={2007},
  isbn={978-0-8218-4151-8},
  note={Translated from German by David Kramer}
}

@book{hachenberger,
  title={Mathematik f{\"u}r Informatiker},
  author={Hachenberger, Dirk},
  isbn={3-8273-7109-0},
  year={2005},
  publisher={Pearson Deutschland GmbH}
}

@book{graham,
  title={Concrete mathematics. A foundation for computer science.},
  author={Graham, Ronald L; Knuth, Donald E. and Patashink, Oren},
  year={2005},
  edition=2,
  publisher={Addison-Wesley Publishing Company, Inc.},
  isbn={0201558025}
}

@misc{ wiki:bigo ,
   author = "Wikipedia contributors",
   title = "Big O notation",
   howpublished = "Wikipedia{,} The Free Encyclopedia",
   year = "2015",
   note = "URL: \url{https://en.wikipedia.org/w/index.php?title=Big_O_notation&oldid=684032213} [Online; accessed 5-October-2015]"
}

@misc{hurkyl_bigo,
  title = {Answer on question ``What does the constant mean in Big O notation?''},
  author = {User ``Hurkyl'' (\url{http://math.stackexchange.com/users/14972/hurkyl})},
  howpublished = {Q\&A website ``Mathematics Stack Exchange''},
  note = {URL: \url{http://math.stackexchange.com/q/986558} (version: 2014-10-22)},
  eprint = {http://math.stackexchange.com/q/986558},
  url = {http://math.stackexchange.com/q/986558}
}

@misc{templatetypedef_bigo,
  title = {Answer on question ``Why is constant always dropped from big O analysis?''},
  author = {User ``templatetypedef'' (\url{http://stackoverflow.com/users/501557/templatetypedef})},
  howpublished = {Q\&A website ``Stackoverflow''},
  note = {URL: \url{http://stackoverflow.com/q/22188943} (version: 2014-05-05)}
}

@misc{tampis_bigpsi,
  title = {Thread ``Name for kind of big O notation with leading coefficient''},
  author = {User ``tampis'' (\url{http://math.stackexchange.com/users/32951/tampis})},
  howpublished = {Q\&A website ``Mathematics Stack Exchange''},
  note = {URL: \url{http://math.stackexchange.com/q/1412986} (version: 2015-09-08)},
  eprint = {http://math.stackexchange.com/q/1412986},
  url = {http://math.stackexchange.com/q/1412986}
}